@article{Tjøstheim,
    AUTHOR = {Tjøstheim, Dag and Otneim, Håkon and Støve, Bård},
    TITLE = {Statistical dependence: Beyond Pearson’s $\rho$},
    JOURNAL = {Statistical Science},
    YEAR = {2018},
    DOI = {10.1214/21-STS823},
    URL = {https://doi.org/10.1214/21-STS823},
    volume = {37},
    NUMBER = {1},
    PAGES = {90-109}
}